
@Book{abrial10:_model_event_b,
  author = 	 {J-R. Abrial},
  title = 	 {Modeling in {Event-B}: System and Software Engineering},
  publisher = 	 {Cambridge University Press},
  year = 	 2010
}

@Article{abrial10:_rodin,
  author = 	 {J-R. Abrial and M. Butler and S. Hallerstede and T.S. Hoang and F. Mehta and L. Voisin},
  title = 	 {{Rodin}: An Open Toolset for Modelling and Reasoning in {Event-B}},
  journal = 	 {Software Tools for Technology Transfer},
  year = 	 2010,
  month = 	 nov,
  volume = 	 12,
  number = 	 6,
  pages = 	 {447--466},
  publisher =    {Springer-Verlag},
}

@misc{scxmlwebsite,
author = {{W3C}},
title = {{SCXML} Specification Website},
month = Sept,
year = {2015},
howpublished = {http://www.w3.org/TR/scxml/}
}


@misc{siriuswebsite,
author = {{Eclipse Foundation}},
title = {{Sirius} Project Website},
month = March,
year = {2016},
howpublished = {https://eclipse.org/sirius/overview.html}
}

@book{steinberg2009emf,
  title={EMF: Eclipse Modeling Framework},
  author={Steinberg, D. and Budinsky, F. and Merks, E.},
  isbn={9780321331885},
  lccn={2007049160},
  series={Eclipse (Addison-Wesley)},
  url={https://books.google.co.uk/books?id=oAYcAAAACAAJ},
  year={2009},
  publisher={Addison-Wesley}
}

@InProceedings{snook14:_b_statem,
  author = 	 {C. Snook},
  title = 	 {{iUML-B} Statemachines},
  booktitle = {Proceedings of the Rodin Workshop 2014},
  year = 	 2014,
  address = 	 {Toulouse, France},
  note = 	 {\url{http://eprints.soton.ac.uk/365301/}}}



%\bibliographystyle{alpha}
%\bibliographystyle{unsrt}
%\bibliographystyle{abbrv}

