@Book{abrial10,
        author =         {J-R. Abrial},
        title =          {{Modeling in {Event-B}: System and Software Engineering}},
        publisher =      {Cambridge University Press},
        year =   2010
}

@inproceedings{DBLP:conf/iceccs/CiobanuHS14,
  author       = {Gabriel Ciobanu and
                  Thai Son Hoang and
                  Alin Stefanescu},
  title        = {From {TiMo} to {Event-B}: Event-Driven Timed Mobility},
  booktitle    = {2014 19th International Conference on Engineering of Complex Computer
                  Systems, Tianjin, China, August 4-7, 2014},
  pages        = {1--10},
  publisher    = {{IEEE} Computer Society},
  year         = {2014},
  url          = {https://doi.org/10.1109/ICECCS.2014.10},
  timestamp    = {Fri, 24 Mar 2023 00:02:11 +0100},
  biburl       = {https://dblp.org/rec/conf/iceccs/CiobanuHS14.bib},
  bibsource    = {dblp computer science bibliography, https://dblp.org}
}

@inproceedings{DBLP:conf/ictac/WrightHSB23,
  author       = {Karla Vanessa Morris Wright and
                  Thai Son Hoang and
                  Colin F. Snook and
                  Michael J. Butler},
  editor       = {Erika {\'{A}}brah{\'{a}}m and
                  Clemens Dubslaff and
                  Silvia Lizeth Tapia Tarifa},
  title        = {Formal Language Semantics for Triggered Enable Statecharts with a
                  Run-to-Completion Scheduling},
  booktitle    = {Theoretical Aspects of Computing - {ICTAC} 2023 - 20th International
                  Colloquium, Lima, Peru, December 4-8, 2023, Proceedings},
  series       = {Lecture Notes in Computer Science},
  volume       = {14446},
  pages        = {178--195},
  publisher    = {Springer},
  year         = {2023},
  url          = {https://doi.org/10.1007/978-3-031-47963-2\_12},
  timestamp    = {Sun, 10 Dec 2023 16:59:48 +0100},
  biburl       = {https://dblp.org/rec/conf/ictac/WrightHSB23.bib},
  bibsource    = {dblp computer science bibliography, https://dblp.org}
}

@inproceedings{DBLP:conf/nfm/RiviereSAD23,
  author       = {Peter Riviere and
                  Neeraj Kumar Singh and
                  Yamine A{\"{\i}}t Ameur and
                  Guillaume Dupont},
  editor       = {Kristin Yvonne Rozier and
                  Swarat Chaudhuri},
  title        = {Formalising Liveness Properties in {Event-B} with the Reflexive {EB4EB}
                  Framework},
  booktitle    = {{NASA} Formal Methods - 15th International Symposium, {NFM} 2023,
                  Houston, TX, USA, May 16-18, 2023, Proceedings},
  series       = {Lecture Notes in Computer Science},
  volume       = {13903},
  pages        = {312--331},
  publisher    = {Springer},
  year         = {2023},
  url          = {https://doi.org/10.1007/978-3-031-33170-1\_19},
  timestamp    = {Thu, 06 Jul 2023 07:28:45 +0200},
  biburl       = {https://dblp.org/rec/conf/nfm/RiviereSAD23.bib},
  bibsource    = {dblp computer science bibliography, https://dblp.org}
}

@article{DBLP:journals/corr/HoangVSBWB17,
  author       = {Thai Son Hoang and
                  Laurent Voisin and
                  A. Salehi and
                  Michael J. Butler and
                  Toby Wilkinson and
                  N. Beauger},
  title        = {Theory Plug-in for {Rodin} 3.x},
  journal      = {CoRR},
  volume       = {abs/1701.08625},
  year         = {2017},
  url          = {http://arxiv.org/abs/1701.08625},
  eprinttype    = {arXiv},
  eprint       = {1701.08625},
  timestamp    = {Thu, 14 Oct 2021 09:14:11 +0200},
  biburl       = {https://dblp.org/rec/journals/corr/HoangVSBWB17.bib},
  bibsource    = {dblp computer science bibliography, https://dblp.org}
}

@inproceedings{DBLP:conf/birthday/ButlerM13,
  author       = {Michael J. Butler and
                  Issam Maamria},
  editor       = {Zhiming Liu and
                  Jim Woodcock and
                  Huibiao Zhu},
  title        = {Practical Theory Extension in {Event-B}},
  booktitle    = {Theories of Programming and Formal Methods - Essays Dedicated to Jifeng
                  He on the Occasion of His 70th Birthday},
  series       = {Lecture Notes in Computer Science},
  volume       = {8051},
  pages        = {67--81},
  publisher    = {Springer},
  year         = {2013},
  url          = {https://doi.org/10.1007/978-3-642-39698-4\_5},
  timestamp    = {Fri, 17 Feb 2023 09:02:00 +0100},
  biburl       = {https://dblp.org/rec/conf/birthday/ButlerM13.bib},
  bibsource    = {dblp computer science bibliography, https://dblp.org}
}

@Inbook{Barnett2017,
author="Barnett, Jim",
title="Introduction to SCXML",
bookTitle="Multimodal Interaction with W3C Standards: Toward Natural User Interfaces to Everything",
year="2017",
publisher="Springer International Publishing",
address="Cham",
pages="81--107",
abstract="SCXML is a control flow language based on Harel State Charts. It offers powerful, application-independent control constructs, along with a plug-in capability that allows platforms to customize the language for specific domains. This paper offers an overview of the language along with examples of its use.",
isbn="978-3-319-42816-1",
url="https://doi.org/10.1007/978-3-319-42816-1_5"
}

@inproceedings{DBLP:conf/iceccs/HoangDSB17,
  author       = {Thai Son Hoang and
                  Dana Dghaym and
                  Colin F. Snook and
                  Michael J. Butler},
  title        = {A Composition Mechanism for Refinement-Based Methods},
  booktitle    = {22nd International Conference on Engineering of Complex Computer Systems,
                  {ICECCS} 2017, Fukuoka, Japan, November 5-8, 2017},
  pages        = {100--109},
  publisher    = {{IEEE} Computer Society},
  year         = {2017},
  url          = {https://doi.org/10.1109/ICECCS.2017.27},
  timestamp    = {Fri, 24 Mar 2023 00:02:11 +0100},
  biburl       = {https://dblp.org/rec/conf/iceccs/HoangDSB17.bib},
  bibsource    = {dblp computer science bibliography, https://dblp.org}
}